@article{einstein,
    author="Wikipedia contributors"
}
@article{dirac,
    author="Wikipedia contributors"
}