@article{blah1,
  title={On k-Path Covers and their applications},
  author={Funke, Stefan and Nusser, Andr{'e} and Storandt, Sabine},
  journal={The VLDB Journal},
  volume={25},
  number={1},
  pages={103--123},
  year={2016},
  publisher={Springer}
}
@article{blah2,
  title={On k-Path Covers and their applications},
  author={Funke, Stefan and Nusser, Andr{'e} and Storandt, Sabine},
  journal={The VLDB Journal},
  volume={25},
  number={1},
  pages={103--123},
  year={2016},
  publisher={Springer}
}
@article{blah3,
  title={On k-Path Covers and their applications},
  author={Funke, Stefan and Nusser, Andr{'e} and Storandt, Sabine},
  journal={The VLDB Journal},
  volume={25},
  number={1},
  pages={103--123},
  year={2016},
  publisher={Springer}
}
@article{blah4,
  title={On k-Path Covers and their applications},
  author={Funke, Stefan and Nusser, Andr{'e} and Storandt, Sabine},
  journal={The VLDB Journal},
  volume={25},
  number={1},
  pages={103--123},
  year={2016},
  publisher={Springer}
}
@article{blah5,
  title={On k-Path Covers and their applications},
  author={Funke, Stefan and Nusser, Andr{'e} and Storandt, Sabine},
  journal={The VLDB Journal},
  volume={25},
  number={1},
  pages={103--123},
  year={2016},
  publisher={Springer}
}